<record><leader>00000cas a22000007a 4500</leader><controlfield tag="001">9140298</controlfield><controlfield tag="008">830118c19179999aluwr ne      0   a0eng d</controlfield><controlfield tag="009">3212</controlfield><datafield ind1=" " ind2=" " tag="010"><subfield code="a">sn 85044908 </subfield></datafield><datafield ind1=" " ind2=" " tag="040"><subfield code="a">ANO</subfield><subfield code="b">eng</subfield><subfield code="c">ANO</subfield><subfield code="d">CPN</subfield><subfield code="d">OCL</subfield><subfield code="d">CPN</subfield><subfield code="d">OCLCQ</subfield></datafield><datafield ind1=" " ind2=" " tag="019"><subfield code="a">11832122</subfield></datafield><datafield ind1="1" ind2=" " tag="029"><subfield code="a">AU@</subfield><subfield code="b">000024656239</subfield></datafield><datafield ind1=" " ind2=" " tag="042"><subfield code="a">msc</subfield></datafield><datafield ind1="0" ind2="4" tag="245"><subfield code="a">The Marion times-standard.</subfield></datafield><datafield ind1="3" ind2="0" tag="246"><subfield code="a">Marion times standard</subfield></datafield><datafield ind1="3" ind2="0" tag="246"><subfield code="a">Times standard</subfield></datafield><datafield ind1="3" ind2="0" tag="246"><subfield code="a">Times-standard</subfield></datafield><datafield ind1=" " ind2=" " tag="260"><subfield code="a">Marion, Ala. :</subfield><subfield code="b">Times Pub. Co.,</subfield><subfield code="c">1917-</subfield></datafield><datafield ind1=" " ind2=" " tag="300"><subfield code="a">v. :</subfield><subfield code="b">ill. ;</subfield><subfield code="c">58 cm.</subfield></datafield><datafield ind1=" " ind2=" " tag="310"><subfield code="a">Weekly</subfield></datafield><datafield ind1="0" ind2=" " tag="362"><subfield code="a">Vol. 1, no. 1 (Feb. 8, 1917)-</subfield></datafield><datafield ind1=" " ind2=" " tag="500"><subfield code="a">Published as: Times-Standard, &lt;Jan. 6, 1944-Dec. 27, 1945&gt;.</subfield></datafield><datafield ind1=" " ind2=" " tag="515"><subfield code="a">Numbering is irregular.</subfield></datafield><datafield ind1=" " ind2=" " tag="752"><subfield code="a">United States</subfield><subfield code="b">Alabama</subfield><subfield code="c">Perry</subfield><subfield code="d">Marion.</subfield></datafield><datafield ind1="0" ind2="4" tag="780"><subfield code="t">Marion standard</subfield><subfield code="w">(DLC)sn 87050371</subfield></datafield><datafield ind1="0" ind2="4" tag="780"><subfield code="t">Marion times (Marion, Ala.)</subfield><subfield code="w">(DLC)sn 87050372</subfield></datafield><datafield ind1="0" ind2="5" tag="780"><subfield code="t">Messenger (Marion, Ala.)</subfield><subfield code="w">(DLC)sn 87050373</subfield></datafield></record>